@ARTICLE{Beane18:Actions,
   author = {{Beane}, A. and {Ness}, M. and {Bedell}, M.},
    title = "{Actions are weak stellar age indicators in the Milky Way disk}",
  journal = {ArXiv e-prints},
archivePrefix = "arXiv",
   eprint = {1807.05986},
 primaryClass = "astro-ph.SR",
 keywords = {Astrophysics - Solar and Stellar Astrophysics, Astrophysics - Astrophysics of Galaxies},
     year = 2018,
    month = jul,
   adsurl = {http://adsabs.harvard.edu/abs/2018arXiv180705986B},
  adsnote = {Provided by the SAO/NASA Astrophysics Data System}
}

@ARTICLE{Eyre11:MechTidalStreams,
   author = {{Eyre}, A. and {Binney}, J.},
    title = "{The mechanics of tidal streams}",
  journal = {\mnras},
archivePrefix = "arXiv",
   eprint = {1011.3672},
 primaryClass = "astro-ph.GA",
 keywords = {methods: analytical, methods: numerical, Galaxy: halo, Galaxy: kinematics and dynamics, Galaxy: structure, galaxies: interactions},
     year = 2011,
    month = may,
   volume = 413,
    pages = {1852-1874},
      doi = {10.1111/j.1365-2966.2011.18270.x},
   adsurl = {http://adsabs.harvard.edu/abs/2011MNRAS.413.1852E},
  adsnote = {Provided by the SAO/NASA Astrophysics Data System}
}

@ARTICLE{Renaud11:NBODY6tt,
   author = {{Renaud}, F. and {Gieles}, M. and {Boily}, C.~M.},
    title = "{Evolution of star clusters in arbitrary tidal fields}",
  journal = {\mnras},
archivePrefix = "arXiv",
   eprint = {1107.5820},
 keywords = {methods: analytical, methods: numerical, globular clusters: general, open clusters and associations: general, galaxies: star clusters: general},
     year = 2011,
    month = dec,
   volume = 418,
    pages = {759-769},
      doi = {10.1111/j.1365-2966.2011.19531.x},
   adsurl = {http://adsabs.harvard.edu/abs/2011MNRAS.418..759R},
  adsnote = {Provided by the SAO/NASA Astrophysics Data System}
}

@ARTICLE{Mamikonyan17:Kira,
   author = {{Mamikonyan}, E.~N. and {McMillan}, S.~L.~W. and {Vesperini}, E. and 
    {Mac Low}, M.-M.},
    title = "{Evolution of Star Clusters in Time-variable Tidal Fields}",
  journal = {\apj},
 keywords = {galaxies: interactions, galaxies: star clusters: general, methods: numerical},
     year = 2017,
    month = mar,
   volume = 837,
      eid = {70},
    pages = {70},
      doi = {10.3847/1538-4357/aa5da0},
   adsurl = {http://adsabs.harvard.edu/abs/2017ApJ...837...70M},
  adsnote = {Provided by the SAO/NASA Astrophysics Data System}
}

@ARTICLE{Genel18:chaos,
   author = {{Genel}, S. and {Bryan}, G.~L. and {Springel}, V. and {Hernquist}, L. and 
    {Nelson}, D. and {Pillepich}, A. and {Weinberger}, R. and {Pakmor}, R. and 
    {Marinacci}, F. and {Vogelsberger}, M.},
    title = "{A Quantification of the Butterfly Effect in Cosmological Simulations and Implications for Galaxy Scaling Relations}",
  journal = {ArXiv e-prints},
archivePrefix = "arXiv",
   eprint = {1807.07084},
 keywords = {Astrophysics - Astrophysics of Galaxies, Astrophysics - Instrumentation and Methods for Astrophysics},
     year = 2018,
    month = jul,
   adsurl = {http://adsabs.harvard.edu/abs/2018arXiv180707084G},
  adsnote = {Provided by the SAO/NASA Astrophysics Data System}
}

@ARTICLE{Sanderson18:ananke,
   author = {{Sanderson}, R.~E. and {Wetzel}, A. and {Loebman}, S. and {Sharma}, S. and 
    {Hopkins}, P.~F. and {Garrison-Kimmel}, S. and {Faucher-Gigu{\`e}re}, C.-A. and 
    {Kere{\v s}}, D. and {Quataert}, E.},
    title = "{Synthetic Gaia surveys from the FIRE cosmological simulations of Milky-Way-mass galaxies}",
  journal = {ArXiv e-prints},
archivePrefix = "arXiv",
   eprint = {1806.10564},
 keywords = {Astrophysics - Astrophysics of Galaxies, Astrophysics - Instrumentation and Methods for Astrophysics},
     year = 2018,
    month = jun,
   adsurl = {http://adsabs.harvard.edu/abs/2018arXiv180610564S},
  adsnote = {Provided by the SAO/NASA Astrophysics Data System}
}

@ARTICLE{Hopkins18:FIRE2,
   author = {{Hopkins}, P.~F. and {Wetzel}, A. and {Kere{\v s}}, D. and {Faucher-Gigu{\`e}re}, C.-A. and 
    {Quataert}, E. and {Boylan-Kolchin}, M. and {Murray}, N. and 
    {Hayward}, C.~C. and {Garrison-Kimmel}, S. and {Hummels}, C. and 
    {Feldmann}, R. and {Torrey}, P. and {Ma}, X. and {Angl{\'e}s-Alc{\'a}zar}, D. and 
    {Su}, K.-Y. and {Orr}, M. and {Schmitz}, D. and {Escala}, I. and 
    {Sanderson}, R. and {Grudi{\'c}}, M.~Y. and {Hafen}, Z. and 
    {Kim}, J.-H. and {Fitts}, A. and {Bullock}, J.~S. and {Wheeler}, C. and 
    {Chan}, T.~K. and {Elbert}, O.~D. and {Narayanan}, D.},
    title = "{FIRE-2 simulations: physics versus numerics in galaxy formation}",
  journal = {\mnras},
archivePrefix = "arXiv",
   eprint = {1702.06148},
 keywords = {methods: numerical, stars: formation, galaxies: active, galaxies: evolution, galaxies: formation, cosmology: theory},
     year = 2018,
    month = oct,
   volume = 480,
    pages = {800-863},
      doi = {10.1093/mnras/sty1690},
   adsurl = {http://adsabs.harvard.edu/abs/2018MNRAS.480..800H},
  adsnote = {Provided by the SAO/NASA Astrophysics Data System}
}

@BOOK{Newton1687:Principia,
   author = {{Newton}, I.},
    title = "{Philosophiae Naturalis Principia Mathematica. Auctore Js. Newton}",
booktitle = {Philosophiae Naturalis Principia Mathematica.~Auctore Js.~Newton, by Newton, Isaac, 1687.},
     year = 1687,
      doi = {10.3931/e-rara-440},
   adsurl = {http://adsabs.harvard.edu/abs/1687pnpm.book.....N},
  adsnote = {Provided by the SAO/NASA Astrophysics Data System}
}